@Article{borgman2012conundrum,
  author    = {Borgman, Christine L},
  title     = {The conundrum of sharing research data},
  journal   = {Journal of the Association for Information Science and Technology},
  year      = {2012},
  volume    = {63},
  number    = {6},
  pages     = {1059--1078},
  publisher = {Wiley Online Library},
}


@Article{borgman2015if,
  author  = {Borgman, Christine L},
  title   = {If data sharing is the answer, what is the question?},
  journal = {ERCIM NEWS},
  year    = {2015},
  pages   = {15},
}

@Article{yozwiak2015data,
  author  = {Yozwiak, Nathan L and Schaffner, Stephen F and Sabeti, Pardis C},
  title   = {Data sharing: Make outbreak research open access},
  journal = {Nature News},
  year    = {2015},
  volume  = {518},
  number  = {7540},
  pages   = {477},
}

@Article{shelton2011electronic,
  author    = {Shelton, Robert H},
  title     = {Electronic consent channels: preserving patient privacy without handcuffing researchers},
  journal   = {Science translational medicine},
  year      = {2011},
  volume    = {3},
  number    = {69},
  pages     = {69cm4--69cm4},
  publisher = {American Association for the Advancement of Science},
}

@Article{vogel2014delays,
  author    = {Vogel, Gretchen},
  title     = {Delays hinder Ebola genomics},
  journal   = {Science},
  year      = {2014},
  volume    = {346},
  number    = {6210},
  pages     = {684--685},
  publisher = {American Association for the Advancement of Science},
}

@Article{leetaru2016,
  author  = {Kalev Leetaru},
  title   = {Data Sharing and Replication in the Sciences},
  journal = {Science},
  year    = {2016},
  pages     ={},
  publisher ={Forbes},
  
}

@Article{tene2012big,
  author    = {Tene, Omer and Polonetsky, Jules},
  title     = {Big data for all: Privacy and user control in the age of analytics},
  journal   = {Nw. J. Tech. \& Intell. Prop.},
  year      = {2012},
  volume    = {11},
  pages     = {xxvii},
  publisher = {HeinOnline},
}

@Article{berman2013will,
  author    = {Berman, Francine and Cerf, Vint},
  title     = {Who will pay for public access to research data?},
  journal   = {Science},
  year      = {2013},
  volume    = {341},
  number    = {6146},
  pages     = {616--617},
  publisher = {American Association for the Advancement of Science},
}

@Article{lynch2008big,
  author    = {Lynch, Clifford},
  title     = {Big data: How do your data grow?},
  journal   = {Nature},
  year      = {2008},
  volume    = {455},
  number    = {7209},
  pages     = {28--29},
  publisher = {Nature Publishing Group},
}

@Misc{stoakes2005data,
  author = {Stoakes, Mark and Irwin, Katherine},
  title  = {Data Replication and Data Sharing--Integrating Heterogeneous Spatial Databases},
  address = {Canada},
  Pages   = {12},
  year   = {2005},
}

@Article{sarkol2016scientific,
  author  = {Sarkol, Vera},
  title   = {Scientific data and preservation-policy issues for the long-term record},
  journal = {ERCIM News},
  year    = {2016},
  volume  = {107},
  pages   = {13--14},
}

@Article{nelson2009empty,
  author    = {Nelson, Bryn},
  title     = {Empty archives: most researchers agree that open access to data is the scientific ideal, so what is stopping it happening? Bryn Nelson investigates why many researchers choose not to share},
  journal   = {Nature},
  year      = {2009},
  volume    = {461},
  number    = {7261},
  pages     = {160--164},
  publisher = {Nature Publishing Group},
}

@Article{economic22challenges,
  author  = {ECONOMIC, TO SPUR},
  title   = {Challenges and Opportunities},
  journal = {databases},
  volume  = {22},
  pages   = {21--4},
  year    ={2011},
}

@Article{pryor2009skilling,
  author  = {Pryor, Graham and Donnelly, Martin},
  title   = {Skilling up to do data: whose role, whose responsibility, whose career?},
  journal = {International Journal of Digital Curation},
  year    = {2009},
  volume  = {4},
  number  = {2},
  pages   = {158--170},
}
